@book{nielsen2001quantum,
  title={Quantum computation and quantum information},
  author={Nielsen, Michael A and Chuang, Isaac L},
  volume={2},
  year={2001},
  publisher={Cambridge university press Cambridge}
}